<record><leader>00000cas a2200000 a 4500</leader><controlfield tag="001">30889234</controlfield><controlfield tag="007">hd afu---baca</controlfield><controlfield tag="008">940805d1864186unbudn nea     0    0eng d</controlfield><datafield ind1=" " ind2=" " tag="010"><subfield code="a">sn 94055331 </subfield></datafield><datafield ind1=" " ind2=" " tag="040"><subfield code="a">NVG</subfield><subfield code="b">eng</subfield><subfield code="c">NVG</subfield><subfield code="d">OCL</subfield><subfield code="d">OCLCQ</subfield></datafield><datafield ind1=" " ind2=" " tag="042"><subfield code="a">msc</subfield></datafield><datafield ind1="0" ind2="4" tag="245"><subfield code="a">The Daily Nebraska Republican.</subfield></datafield><datafield ind1="1" ind2="3" tag="246"><subfield code="a">Nebraska Republican</subfield></datafield><datafield ind1=" " ind2=" " tag="260"><subfield code="a">Omaha City :</subfield><subfield code="b">E.B. Taylor</subfield></datafield><datafield ind1=" " ind2=" " tag="300"><subfield code="a">volumes :</subfield><subfield code="b">illustrations ;</subfield><subfield code="c">53 cm</subfield></datafield><datafield ind1=" " ind2=" " tag="310"><subfield code="a">Daily (except Mon.)</subfield></datafield><datafield ind1=" " ind2=" " tag="336"><subfield code="a">text</subfield><subfield code="b">txt</subfield><subfield code="2">rdacontent</subfield></datafield><datafield ind1=" " ind2=" " tag="337"><subfield code="a">microform</subfield><subfield code="b">h</subfield><subfield code="2">rdamedia</subfield></datafield><datafield ind1=" " ind2=" " tag="338"><subfield code="a">microfilm reel</subfield><subfield code="b">hd</subfield><subfield code="2">rdacarrier</subfield></datafield><datafield ind1="1" ind2=" " tag="362"><subfield code="a">Began with issue for Jan. 7, 1864.</subfield></datafield><datafield ind1=" " ind2=" " tag="500"><subfield code="a">Issue for Jan. 22, 1864 published with expanded coverage and furnished to subscribers of Tri-weekly Nebraska Republican during its transition to Nebraska Republican (Omaha, Neb. : 1864).</subfield></datafield><datafield ind1=" " ind2=" " tag="580"><subfield code="a">Triweekly ed.: Tri-weekly Nebraska Republican, Jan. 7-20, 1864.</subfield></datafield><datafield ind1=" " ind2=" " tag="580"><subfield code="a">Weekly ed.: Nebraska Republican (Omaha, Neb. : 1864), 1864-</subfield></datafield><datafield ind1=" " ind2=" " tag="588"><subfield code="a">Description based on: Vol. 1, no. 14 (Jan. 22, 1864).</subfield></datafield><datafield ind1=" " ind2=" " tag="533"><subfield code="a">Microfilm.</subfield><subfield code="b">Washington, D.C. :</subfield><subfield code="c">Library of Congress Photoduplication Service.</subfield><subfield code="e">1 microfilm reel ; 35 mm.</subfield></datafield><datafield ind1=" " ind2=" " tag="752"><subfield code="a">United States</subfield><subfield code="b">Nebraska</subfield><subfield code="c">Douglas</subfield><subfield code="d">Omaha.</subfield></datafield><datafield ind1="1" ind2=" " tag="775"><subfield code="t">Tri-weekly Nebraska Republican</subfield><subfield code="w">(DLC)sn 94055334</subfield></datafield><datafield ind1="1" ind2=" " tag="775"><subfield code="t">Nebraska Republican (Omaha, Neb. : 1864)</subfield><subfield code="w">(DLC)sn 94055327</subfield></datafield><datafield ind1="0" ind2="0" tag="785"><subfield code="t">Nebraska daily Republican</subfield><subfield code="w">(DLC)sn 94055335</subfield></datafield><datafield ind1="1" ind2=" " tag="029"><subfield code="a">AU@</subfield><subfield code="b">000011236108</subfield></datafield></record>